@book{ref1,
author = {Jaegers Kurt},
title = {XNA 4 3D Game Development by Exemple: Beginner's Guide},
year = {2012},
publisher = {Packt Publishing Ltd},
pagetotal = {322}
}

@misc{ref2,
author = {SimpleIT},
title = {OpenClassrooms},
month = {juin},
year = {2014},
note = {http://fr.openclassrooms.com/}
}

@misc{ref3,
author = {Marcel Vijfwinkel, Wojtek Starak},
title = {CGTextures},
month = {juin},
year = {2014},
note = {htt://www.cgtextures.com/}
}

@misc{ref4,
author = {Microsoft},
title = {Xna LIVE Indie Games},
month = {juin},
year = {2014},
note = {http://xbox.create.msdn.com/}
}

@misc{ref5,
author = {Riemer Grootjans},
title = {Riemer's XNA  Tutorials},
month = {juin},
year = {2014},
note = {http://www.riemers.net/}
}

@misc{ref6,
author = {Glenn Fiedler},
title = {Networking for Game Programmers},
month = {juin},
year = {2014},
note = {http://gafferongames.com/networking-for-game-programmers/}
}

@misc{ref7,
author = {GameDev.Net LLC},
title = {GameDev},
month = {juin},
year = {2014},
note = {http://www.gamedev.net/}
}

@misc{ref8,
author = {Nvidia},
title = {Nvidia Developper Zone},
month = {juin},
year = {2014},
note = {http://developer.nvidia.com/}
}

@misc{ref9,
author = {Music Technology Group},
title = {Freesound},
month = {juin},
year = {2014},
note = {http://www.freesound.org/}
}

@misc{ref10,
author = {John C. Brown},
title = {Diabolical: The shooter},
month = {juin},
year = {2014},
note = {http://blog.diabolicalgame.co.uk/}
}