@book{ID,
author = {Jaegers Kurt},
title = {XNA 4 3D Game Development by Example: Beginner's Guide},
date = {2012},
publisher = {Packt Publishing Ltd},
pagetotal = {322},
}
